@misc{wiki:delaunay,
  author = "Wikipedia",
  title = "Delaunay triangulation --- {W}ikipedia{,} The Free Encyclopedia",
  month = "August",
  year = "2012",
  url = "http://en.wikipedia.org/w/index.php?title=Delaunay_triangulation&oldid=508898800",
  note = "[accessed 01-October-2012]"
}

@MISC{Rossignac04compressingvolumes,
  author = {Jarek Rossignac},
  title = {Compressing Volumes and Animations},
  year = {2004}
}
